<record><leader>00000cas a22000007a 4500</leader><controlfield tag="001">24418083</controlfield><controlfield tag="008">910919d19uu19uunyuwr ne      0    0eng d</controlfield><datafield ind1=" " ind2=" " tag="010"><subfield code="a">sn 91066369 </subfield></datafield><datafield ind1=" " ind2=" " tag="040"><subfield code="a">NYS</subfield><subfield code="b">eng</subfield><subfield code="c">NYS</subfield><subfield code="d">OCLCQ</subfield></datafield><datafield ind1=" " ind2=" " tag="042"><subfield code="a">msc</subfield></datafield><datafield ind1="0" ind2=" " tag="130"><subfield code="a">Gazette (Cherry Valley, N.Y.)</subfield></datafield><datafield ind1="1" ind2="4" tag="245"><subfield code="a">The gazette.</subfield></datafield><datafield ind1="3" ind2="0" tag="246"><subfield code="a">Saturday gazette</subfield></datafield><datafield ind1=" " ind2=" " tag="260"><subfield code="a">Cherry Valley, N.Y. :</subfield><subfield code="b">John L. Sawyer &amp; Son</subfield></datafield><datafield ind1=" " ind2=" " tag="300"><subfield code="a">v. :</subfield><subfield code="b">ill. ;</subfield><subfield code="c">55 cm.</subfield></datafield><datafield ind1=" " ind2=" " tag="310"><subfield code="a">Weekly</subfield></datafield><datafield ind1=" " ind2=" " tag="500"><subfield code="a">Published as: Saturday gazette, &lt;Oct. 15, 1915&gt;.</subfield></datafield><datafield ind1=" " ind2=" " tag="500"><subfield code="a">Publishers: John L. Sawyer &amp; Son, &lt;1913&gt;; The Gazette Co., &lt;Oct. 30, 1915&gt;; P.M. Green Co., &lt;1916&gt;; Sawyer &amp; Winne, &lt;1917-1919&gt;.</subfield></datafield><datafield ind1=" " ind2=" " tag="588"><subfield code="a">Description based on: Vol. 41 (Dec. 4, 1913).</subfield></datafield><datafield ind1=" " ind2="4" tag="651"><subfield code="a">Cherry Valley (N.Y.)</subfield><subfield code="v">Newspapers.</subfield></datafield><datafield ind1=" " ind2=" " tag="752"><subfield code="a">United States</subfield><subfield code="b">New York</subfield><subfield code="c">Otsego</subfield><subfield code="d">Cherry Valley.</subfield></datafield><datafield ind1="0" ind2="0" tag="780"><subfield code="t">Cherry Valley gazette (Cherry Valley, N.Y. : 1871)</subfield><subfield code="w">(DLC)sn 85026235</subfield></datafield><datafield ind1="0" ind2="0" tag="785"><subfield code="t">Cherry Valley gazette (Cherry Valley, N.Y. : 1923)</subfield><subfield code="w">(DLC)sn 91066370</subfield></datafield><datafield ind1="1" ind2=" " tag="029"><subfield code="a">AU@</subfield><subfield code="b">000025907429</subfield></datafield></record>